@book{APIDesign,
	author = {Jasmin Blanchette},
	title = {The Little Manual of API Design},
	year = {2008},
	url = {http://www4.in.tum.de/~blanchet/api-design.pdf}
}

@book{UML:Wzorce,
	author = {Craig Larman},
	title = {UML i~wzorce projektowe},
	publisher = {Wydawnictwo Helion},
	year = {Gliwice 2011},
}

@book{Patterns,
	author = {Erich Gamma, Richard Helm, Ralph Johnson, John Vlissides},
	title = {Wzorce Projektowe, Elementy oprogramowania obiektowego wielokrotnego użytku},
	publisher = {Wydawnictwo Helion},
	year = {Gliwice 2010},
}

@book{50Ways,
	author = {Scott Meyers},
	title = {50 efektywnych sposobów na udoskonalenie Twoich programów},
	publisher = {Wydawnictwo Helion},
	year = {Gliwice 2004},
}

@book{Sacha,
	author = {Krzysztof Sacha},
	title = {Inżynieria oprogramowania},
	publisher = {Wydawnictwo Naukowe PWN},
	year = {Warszawa 2010},
}

@book{Qt:Dokumentacja,
	  author = {Digia},
      title = "Dokumentacja Qt",
      publisher = "\url{http://qt-project.org/doc/qt-5.1/qtdoc/index.html}"
}

@book{Qt:Model:View,
	author = {Digia},
	title = "Architektura Model -- Widok",
	publisher = "\url{http://qt-project.org/doc/qt-5.0/\newline qtwidgets/model-view-programming.html}"
}

@book{Qt:Qbs,
	author = {Digia},
	title = "Qbs~Quick~Reference",
	publisher = "\url{http://qt-project.org/wiki/Qbs-Quick-Reference}"
}

@book{Qt:Whitepaper,
	author = {Digia},
	title = "Wprowadzenie do Qt",
	publisher = "\url{http://qt-project.org/wiki/QtWhitepaper}"
}

@book{Qt:Charts,
	author = {Digia},
	title = "Opis Qt~Charts",
	publisher = "\url{http://blog.qt.digia.com/blog/2013/06/19/\newline qt-charts-1-3-0-released-2/}"
}

@book{QML:Variant,
	author = {Digia},
	title = "Typ variant w QML",
	publisher = "\url{http://qt-project.org/doc/qt-5.0/qtqml/\newline qml-variant.html\#storing-arrays-and-objects}"
}

@book{Qt:Delegate,
	author = {Digia},
	title = "Mechanizm delegatów",
	publisher = "\url{http://qt-project.org/doc/qt-5.0/qtwidgets/\newline model-view-programming.html\#delegates}"
}

@book{Qt:TestLib,
	author = {Digia},
	title = "Testy w Qt",
	publisher = "\url{http://qt-project.org/doc/qt-5.1/qttestlib/\newline qtest-overview.html}"
}

@book{Scene:Graph,
	author = {Garret Foster},
	title = "Understanding and Implementing Scene Graphs",
	publisher = "\url{http://www.gamedev.net/page/resources/\_/technical/graphics-programming-\newline and-theory/understanding-and-implementing-scene-graphs-r2028}"
}
% ex: set tabstop=4 shiftwidth=4 softtabstop=4 noexpandtab fileformat=unix filetype=bib spelllang=pl,en spell:
